@article{St10,
author = {Sanjeev Arora and Boaz Barak and David Steurer},
title = {Subexponential Algorithms for Unique Games and Related Problems},
journal ={Foundations of Computer Science, Annual IEEE Symposium on},
volume = {0},
issn = {0272-5428},
year = {2010},
pages = {563-572},
doi = {http://doi.ieeecomputersociety.org/10.1109/FOCS.2010.59},
publisher = {IEEE Computer Society},
address = {Los Alamitos, CA, USA},
}
